<mx:record xmlns="http://www.w3.org/TR/xhtml1/strict" xmlns:mx="http://www.loc.gov/MARC21/slim" xmlns:xsi="http://www.w3.org/2001/XMLSchema-instance"><mx:leader>00000cz   2200000n  4500</mx:leader><mx:controlfield tag="001">oca00276563 </mx:controlfield><mx:controlfield tag="005">20050518101826.0</mx:controlfield><mx:controlfield tag="008">790508n| acannaab|          |a aaa      </mx:controlfield><mx:datafield ind1=" " ind2=" " tag="010"><mx:subfield code="a">n  79043133</mx:subfield></mx:datafield><mx:datafield ind1=" " ind2=" " tag="040"><mx:subfield code="a">DLC</mx:subfield><mx:subfield code="c">DLC</mx:subfield><mx:subfield code="d">DLC</mx:subfield><mx:subfield code="d">Uk</mx:subfield><mx:subfield code="d">DLC</mx:subfield></mx:datafield><mx:datafield ind1="1" ind2=" " tag="100"><mx:subfield code="a">Longinus, Cassius,</mx:subfield><mx:subfield code="d">ca. 213-273</mx:subfield></mx:datafield><mx:datafield ind1="1" ind2=" " tag="400"><mx:subfield code="a">Longinus, Dionysius Cassius,</mx:subfield><mx:subfield code="d">ca. 213-273</mx:subfield></mx:datafield><mx:datafield ind1="1" ind2=" " tag="400"><mx:subfield code="a">Longinos,</mx:subfield><mx:subfield code="d">ca. 213-273</mx:subfield></mx:datafield><mx:datafield ind1="1" ind2=" " tag="400"><mx:subfield code="a">Longinos, Kassios,</mx:subfield><mx:subfield code="d">ca. 213-273</mx:subfield></mx:datafield><mx:datafield ind1="1" ind2=" " tag="400"><mx:subfield code="a">Longinus, Gaius Cassius,</mx:subfield><mx:subfield code="d">ca. 213-273</mx:subfield></mx:datafield><mx:datafield ind1="1" ind2=" " tag="400"><mx:subfield code="w">nnaa</mx:subfield><mx:subfield code="a">Longinus, Cassius</mx:subfield></mx:datafield><mx:datafield ind1=" " ind2=" " tag="670"><mx:subfield code="a">Pauly-Wissowa</mx:subfield><mx:subfield code="b">(Longinos, neoplatonist, philologist, and rhetor of 3rd cent. A.D.; name transmitted as Cassius Longinus, or Dionysius Cassius Longinus, the latter due to mistaken ascription of On the sublime to him, a notion destroyed for all time by Kaibel and by Keil; b. ca. 213; d. 273)</mx:subfield></mx:datafield><mx:datafield ind1=" " ind2=" " tag="670"><mx:subfield code="a">Oxford classical dict.</mx:subfield><mx:subfield code="b">(Longinus, Cassius, ca. 213-273; lists works)</mx:subfield></mx:datafield><mx:datafield ind1=" " ind2=" " tag="670"><mx:subfield code="a">Grant, M. Greek &amp; Latin authors, 1980:</mx:subfield><mx:subfield code="b">under Longinus (Cassius Longinus, ca. A.D. 213-273, rhetorician and philosopher who was chief literary advisor to Queen Zenobia of Palmyra)</mx:subfield></mx:datafield><mx:datafield ind1=" " ind2=" " tag="670"><mx:subfield code="a">Papyros Larous</mx:subfield><mx:subfield code="b">(Longinos, Kassios (Gaius Cassius Longinus); Greek rhetor and philosopher; b. Palmyra, Emesa, or Athens ca. 213; d. Palmyra 273)</mx:subfield></mx:datafield><mx:datafield ind1=" " ind2=" " tag="675"><mx:subfield code="a">Encyclopaedia Britannica, micropaedia.</mx:subfield></mx:datafield></mx:record>